@book{stewart2020,
  title={Calculus: Early Transcendentals},
  author={Stewart, J. and Clegg, D.K. and Watson, S.},
  isbn={9780357631478},
  url={https://books.google.com.br/books?id=BCzLDwAAQBAJ},
  year={2020},
  publisher={Cengage Learning}
}

 @misc{salles, title={Notas de Monitoria}, url={https://adamesalles.github.io/edu/}, journal={Monitorias do Adame}, publisher={FGV}, author={Salles, Eduardo Adame}, year={2022} }